<?xml version="1.0" encoding="UTF-8"?><collection xmlns="http://www.loc.gov/MARC21/slim"><record><leader>00623nam--2200193-i-4500</leader><controlfield tag="001">000002333</controlfield><controlfield tag="002">20161230</controlfield><controlfield tag="005">20161230201025</controlfield><controlfield tag="008">060222s1000------------r-----000-0-eng-d</controlfield><datafield ind1=" " ind2=" " tag="040"><subfield code="a">IFIN-HH</subfield></datafield><datafield ind1=" " ind2=" " tag="080"><subfield code="a">538.958:537.222.22</subfield></datafield><datafield ind1="1" ind2=" " tag="100"><subfield code="a">Greenaway, David L</subfield></datafield><datafield ind1="1" ind2="0" tag="245"><subfield code="a">Optical properties and band structure of semiconductors</subfield><subfield code="b">Volume 1</subfield><subfield code="c">David i. greenway; gunther harbeke</subfield></datafield><datafield ind1=" " ind2=" " tag="260"><subfield code="a">Oxford</subfield><subfield code="b">Pergamon Press</subfield><subfield code="c">1968</subfield></datafield><datafield ind1=" " ind2=" " tag="300"><subfield code="a">XI + 159 P</subfield></datafield><datafield ind1=" " ind2=" " tag="490"><subfield code="a">International Series Of Monographs In The Science Of The Solid State</subfield></datafield><datafield ind1="1" ind2=" " tag="700"><subfield code="a">Harbeke, Gunther</subfield></datafield><datafield ind1=" " ind2=" " tag="852"><subfield code="a">30272</subfield><subfield code="c">537.311.33</subfield></datafield><datafield ind1=" " ind2=" " tag="CAT"><subfield code="a">Sys</subfield><subfield code="c">20110720</subfield><subfield code="h">143958</subfield></datafield></record></collection>